<?xml version="1.0" encoding="UTF-8"?><collection xmlns="http://www.loc.gov/MARC21/slim"><record><leader>00493nam--2200181-u-4500</leader><controlfield tag="001">000055817</controlfield><controlfield tag="002">20161230</controlfield><controlfield tag="005">20161230201052</controlfield><controlfield tag="008">130806s1000------------r-----000-0-rus-d</controlfield><datafield ind1=" " ind2=" " tag="040"><subfield code="a">IFIN-HH</subfield></datafield><datafield ind1=" " ind2=" " tag="041"><subfield code="a">rus</subfield></datafield><datafield ind1=" " ind2=" " tag="080"><subfield code="a">519.283:621.52</subfield></datafield><datafield ind1="1" ind2=" " tag="110"><subfield code="a">Akademia Nauk Armianskoi Ssr</subfield></datafield><datafield ind1="1" ind2="0" tag="245"><subfield code="a">Matematiceskie voprosi kibernetiki i vicislitelnoi tehniki</subfield></datafield><datafield ind1=" " ind2=" " tag="260"><subfield code="a">Erevan</subfield><subfield code="b">Akademia Nauk Armianskoi Ssr</subfield><subfield code="c">1964</subfield></datafield><datafield ind1=" " ind2=" " tag="300"><subfield code="a">132P</subfield></datafield><datafield ind1=" " ind2=" " tag="852"><subfield code="a">20821</subfield><subfield code="c">519.283</subfield></datafield><datafield ind1=" " ind2=" " tag="CAT"><subfield code="a">Sys</subfield><subfield code="c">20130806</subfield><subfield code="h">181012</subfield></datafield></record></collection>